@misc{pixis, title={Rop - Return Oriented Programming}, url={https://en.hackndo.com/return-oriented-programming/}, journal={hackndo}, publisher={Pixis}, author={Pixis}, year={2016}, month={Oct}}
@misc{el-sherei, title={Return oriented programming (ROP FTW) - exploit-db.com}, url={https://www.exploit-db.com/docs/english/28479-return-oriented-programming-(rop-ftw).pdf}, journal={Return-Oriented-Programming (ROP FTW)}, author={El-Sherei, Saif}} 